
  <marc:record>
    <marc:leader>00000nam a2200000 a 4500</marc:leader>
    <marc:controlfield tag="001">CG_563_2024-05-07T23:29:17.403Z</marc:controlfield>
    <marc:controlfield tag="003">DE-101</marc:controlfield>
    <marc:datafield ind2=" " ind1=" " tag="035">
      <marc:subfield code="a">(AT-OBV)990000009130203331</marc:subfield>
      <marc:subfield code="8">12\p</marc:subfield>
    </marc:datafield>
    <marc:datafield ind2=" " ind1=" " tag="035">
      <marc:subfield code="a">(DE-101)1201182301</marc:subfield>
      <marc:subfield code="8">5\p</marc:subfield>
    </marc:datafield>
    <marc:datafield ind2=" " ind1=" " tag="035">
      <marc:subfield code="a">(DE-101)880967455</marc:subfield>
      <marc:subfield code="8">25\p</marc:subfield>
    </marc:datafield>
    <marc:datafield ind2=" " ind1=" " tag="035">
      <marc:subfield code="a">(DE-101)930949900</marc:subfield>
      <marc:subfield code="8">29\p</marc:subfield>
    </marc:datafield>
    <marc:datafield ind2=" " ind1=" " tag="035">
      <marc:subfield code="a">(DE-602)b3kat_BV001783779</marc:subfield>
      <marc:subfield code="8">21\p</marc:subfield>
    </marc:datafield>
    <marc:datafield ind2=" " ind1=" " tag="035">
      <marc:subfield code="a">(DE-602)b3kat_BV025876512</marc:subfield>
      <marc:subfield code="8">14\p</marc:subfield>
    </marc:datafield>
    <marc:datafield ind2=" " ind1=" " tag="035">
      <marc:subfield code="a">(DE-602)b3kat_BV025929467</marc:subfield>
      <marc:subfield code="8">22\p</marc:subfield>
    </marc:datafield>
    <marc:datafield ind2=" " ind1=" " tag="035">
      <marc:subfield code="a">(DE-602)b3kat_BV026498335</marc:subfield>
      <marc:subfield code="8">15\p</marc:subfield>
    </marc:datafield>
    <marc:datafield ind2=" " ind1=" " tag="035">
      <marc:subfield code="a">(DE-602)gbv_273136526</marc:subfield>
      <marc:subfield code="8">28\p</marc:subfield>
    </marc:datafield>
    <marc:datafield ind2=" " ind1=" " tag="035">
      <marc:subfield code="a">(DE-602)kobvindex_JGB0006744</marc:subfield>
      <marc:subfield code="8">2\p</marc:subfield>
    </marc:datafield>
    <marc:datafield ind2=" " ind1=" " tag="035">
      <marc:subfield code="a">(DE-602)kobvindex_JMB00025300</marc:subfield>
      <marc:subfield code="8">4\p</marc:subfield>
    </marc:datafield>
    <marc:datafield ind2=" " ind1=" " tag="035">
      <marc:subfield code="a">(DE-602)kobvindex_MMZsil00229</marc:subfield>
      <marc:subfield code="8">1\p</marc:subfield>
    </marc:datafield>
    <marc:datafield ind2=" " ind1=" " tag="035">
      <marc:subfield code="a">(DE-602)kobvindex_WAN3799</marc:subfield>
      <marc:subfield code="8">3\p</marc:subfield>
    </marc:datafield>
    <marc:datafield ind2=" " ind1=" " tag="035">
      <marc:subfield code="a">(DE-602)kobvindex_ZBW05010611</marc:subfield>
      <marc:subfield code="8">8\p</marc:subfield>
    </marc:datafield>
    <marc:datafield ind2=" " ind1=" " tag="035">
      <marc:subfield code="a">(DE-602)kobvindex_ZLB04018337</marc:subfield>
      <marc:subfield code="8">13\p</marc:subfield>
    </marc:datafield>
    <marc:datafield ind2=" " ind1=" " tag="035">
      <marc:subfield code="a">(DE-603)008469253</marc:subfield>
      <marc:subfield code="8">10\p</marc:subfield>
    </marc:datafield>
    <marc:datafield ind2=" " ind1=" " tag="035">
      <marc:subfield code="a">(DE-604)BV001783779</marc:subfield>
      <marc:subfield code="8">20\p</marc:subfield>
    </marc:datafield>
    <marc:datafield ind2=" " ind1=" " tag="035">
      <marc:subfield code="a">(DE-604)BV004125935</marc:subfield>
      <marc:subfield code="8">17\p</marc:subfield>
    </marc:datafield>
    <marc:datafield ind2=" " ind1=" " tag="035">
      <marc:subfield code="a">(DE-605)990019247190206441</marc:subfield>
      <marc:subfield code="8">9\p</marc:subfield>
    </marc:datafield>
    <marc:datafield ind2=" " ind1=" " tag="035">
      <marc:subfield code="a">(DE-605)990367731740206441</marc:subfield>
      <marc:subfield code="8">6\p</marc:subfield>
    </marc:datafield>
    <marc:datafield ind2=" " ind1=" " tag="035">
      <marc:subfield code="a">(DE-605)990063668050206441</marc:subfield>
      <marc:subfield code="8">7\p</marc:subfield>
    </marc:datafield>
    <marc:datafield ind2=" " ind1=" " tag="035">
      <marc:subfield code="a">(DE-627)024695009</marc:subfield>
      <marc:subfield code="8">24\p</marc:subfield>
    </marc:datafield>
    <marc:datafield ind2=" " ind1=" " tag="035">
      <marc:subfield code="a">(DE-627)025616374</marc:subfield>
      <marc:subfield code="8">11\p</marc:subfield>
    </marc:datafield>
    <marc:datafield ind2=" " ind1=" " tag="035">
      <marc:subfield code="a">(DE-627)273136526</marc:subfield>
      <marc:subfield code="8">23\p</marc:subfield>
    </marc:datafield>
    <marc:datafield ind2=" " ind1="0" tag="082">
      <marc:subfield code="a">B</marc:subfield>
      <marc:subfield code="q">OCLC</marc:subfield>
      <marc:subfield code="2">20</marc:subfield>
      <marc:subfield code="8">11\p</marc:subfield>
      <marc:subfield code="8">24\p</marc:subfield>
    </marc:datafield>
    <marc:datafield ind2=" " ind1="0" tag="082">
      <marc:subfield code="a">940.53/18/0922</marc:subfield>
      <marc:subfield code="8">22\p</marc:subfield>
      <marc:subfield code="8">23\p</marc:subfield>
      <marc:subfield code="8">28\p</marc:subfield>
    </marc:datafield>
    <marc:datafield ind2=" " ind1="0" tag="082">
      <marc:subfield code="a">B</marc:subfield>
      <marc:subfield code="8">22\p</marc:subfield>
      <marc:subfield code="8">23\p</marc:subfield>
      <marc:subfield code="8">28\p</marc:subfield>
    </marc:datafield>
    <marc:datafield ind2=" " ind1=" " tag="084">
      <marc:subfield code="a">NQ 2360</marc:subfield>
      <marc:subfield code="0">(DE-625)128255:</marc:subfield>
      <marc:subfield code="0">(DE-603)410912263</marc:subfield>
      <marc:subfield code="2">rvk</marc:subfield>
      <marc:subfield code="8">10\p</marc:subfield>
    </marc:datafield>
    <marc:datafield ind2=" " ind1=" " tag="084">
      <marc:subfield code="a">NY 4760</marc:subfield>
      <marc:subfield code="0">(DE-625)132358:</marc:subfield>
      <marc:subfield code="0">(DE-603)410953458</marc:subfield>
      <marc:subfield code="2">rvk</marc:subfield>
      <marc:subfield code="8">10\p</marc:subfield>
    </marc:datafield>
    <marc:datafield ind2=" " ind1=" " tag="084">
      <marc:subfield code="a">BD 7100</marc:subfield>
      <marc:subfield code="0">(DE-625)10250:</marc:subfield>
      <marc:subfield code="2">rvk</marc:subfield>
      <marc:subfield code="8">20\p</marc:subfield>
      <marc:subfield code="8">21\p</marc:subfield>
    </marc:datafield>
    <marc:datafield ind2=" " ind1=" " tag="084">
      <marc:subfield code="a">NQ 2360</marc:subfield>
      <marc:subfield code="0">(DE-625)128255:</marc:subfield>
      <marc:subfield code="2">rvk</marc:subfield>
      <marc:subfield code="8">14\p</marc:subfield>
      <marc:subfield code="8">17\p</marc:subfield>
      <marc:subfield code="8">20\p</marc:subfield>
      <marc:subfield code="8">21\p</marc:subfield>
      <marc:subfield code="8">22\p</marc:subfield>
    </marc:datafield>
    <marc:datafield ind2=" " ind1=" " tag="084">
      <marc:subfield code="a">NY 4760</marc:subfield>
      <marc:subfield code="0">(DE-625)132358:</marc:subfield>
      <marc:subfield code="2">rvk</marc:subfield>
      <marc:subfield code="8">17\p</marc:subfield>
      <marc:subfield code="8">20\p</marc:subfield>
      <marc:subfield code="8">21\p</marc:subfield>
    </marc:datafield>
    <marc:datafield ind2=" " ind1=" " tag="084">
      <marc:subfield code="a">NQ 2360</marc:subfield>
      <marc:subfield code="2">rvk</marc:subfield>
      <marc:subfield code="0">(DE-625)rvk/128255:</marc:subfield>
      <marc:subfield code="8">23\p</marc:subfield>
      <marc:subfield code="8">28\p</marc:subfield>
    </marc:datafield>
    <marc:datafield ind2=" " ind1=" " tag="084">
      <marc:subfield code="a">NY 4760</marc:subfield>
      <marc:subfield code="2">rvk</marc:subfield>
      <marc:subfield code="0">(DE-625)rvk/132358:</marc:subfield>
      <marc:subfield code="8">23\p</marc:subfield>
      <marc:subfield code="8">28\p</marc:subfield>
    </marc:datafield>
    <marc:datafield ind2=" " ind1=" " tag="084">
      <marc:subfield code="a">11.20</marc:subfield>
      <marc:subfield code="2">bkl</marc:subfield>
      <marc:subfield code="8">12\p</marc:subfield>
    </marc:datafield>
    <marc:datafield ind2=" " ind1=" " tag="084">
      <marc:subfield code="a">71.62</marc:subfield>
      <marc:subfield code="2">bkl</marc:subfield>
      <marc:subfield code="8">12\p</marc:subfield>
    </marc:datafield>
    <marc:datafield ind2=" " ind1=" " tag="084">
      <marc:subfield code="a">j 10.3</marc:subfield>
      <marc:subfield code="2">ifzs</marc:subfield>
      <marc:subfield code="8">20\p</marc:subfield>
      <marc:subfield code="8">21\p</marc:subfield>
    </marc:datafield>
    <marc:datafield ind2=" " ind1=" " tag="084">
      <marc:subfield code="a">n 10.3</marc:subfield>
      <marc:subfield code="2">ifzs</marc:subfield>
      <marc:subfield code="8">20\p</marc:subfield>
      <marc:subfield code="8">21\p</marc:subfield>
    </marc:datafield>
    <marc:datafield ind2=" " ind1=" " tag="084">
      <marc:subfield code="a">330</marc:subfield>
      <marc:subfield code="2">rpb</marc:subfield>
      <marc:subfield code="8">6\p</marc:subfield>
    </marc:datafield>
    <marc:datafield ind2=" " ind1=" " tag="084">
      <marc:subfield code="a">BD 7100</marc:subfield>
      <marc:subfield code="2">rvk</marc:subfield>
      <marc:subfield code="8">12\p</marc:subfield>
    </marc:datafield>
    <marc:datafield ind2=" " ind1=" " tag="084">
      <marc:subfield code="a">NQ 2360</marc:subfield>
      <marc:subfield code="2">rvk</marc:subfield>
      <marc:subfield code="8">12\p</marc:subfield>
    </marc:datafield>
    <marc:datafield ind2=" " ind1=" " tag="084">
      <marc:subfield code="a">NY 4760</marc:subfield>
      <marc:subfield code="2">rvk</marc:subfield>
      <marc:subfield code="8">12\p</marc:subfield>
    </marc:datafield>
    <marc:datafield ind2=" " ind1=" " tag="084">
      <marc:subfield code="a">63</marc:subfield>
      <marc:subfield code="a">64</marc:subfield>
      <marc:subfield code="2">sdnb</marc:subfield>
      <marc:subfield code="8">11\p</marc:subfield>
      <marc:subfield code="8">23\p</marc:subfield>
      <marc:subfield code="8">24\p</marc:subfield>
      <marc:subfield code="8">28\p</marc:subfield>
    </marc:datafield>
    <marc:datafield ind2=" " ind1=" " tag="084">
      <marc:subfield code="a">63</marc:subfield>
      <marc:subfield code="a">64</marc:subfield>
      <marc:subfield code="a">900</marc:subfield>
      <marc:subfield code="a">920</marc:subfield>
      <marc:subfield code="a">930</marc:subfield>
      <marc:subfield code="a">940</marc:subfield>
      <marc:subfield code="a">943</marc:subfield>
      <marc:subfield code="a">950</marc:subfield>
      <marc:subfield code="a">960</marc:subfield>
      <marc:subfield code="a">970</marc:subfield>
      <marc:subfield code="a">980</marc:subfield>
      <marc:subfield code="a">990</marc:subfield>
      <marc:subfield code="q">DE-101</marc:subfield>
      <marc:subfield code="2">sdnb</marc:subfield>
      <marc:subfield code="8">25\p</marc:subfield>
      <marc:subfield code="8">29\p</marc:subfield>
    </marc:datafield>
    <marc:datafield ind2=" " ind1=" " tag="084">
      <marc:subfield code="a">63</marc:subfield>
      <marc:subfield code="a">64</marc:subfield>
      <marc:subfield code="q">DE-101</marc:subfield>
      <marc:subfield code="2">sdnb</marc:subfield>
      <marc:subfield code="8">10\p</marc:subfield>
    </marc:datafield>
    <marc:datafield ind2=" " ind1=" " tag="084">
      <marc:subfield code="a">AHF II/4._3.3._5/__/_4</marc:subfield>
      <marc:subfield code="2">sdnb</marc:subfield>
      <marc:subfield code="8">20\p</marc:subfield>
      <marc:subfield code="8">21\p</marc:subfield>
    </marc:datafield>
    <marc:datafield ind2=" " ind1=" " tag="084">
      <marc:subfield code="a">GESCH 432 (18 NIE)</marc:subfield>
      <marc:subfield code="2">sfb</marc:subfield>
      <marc:subfield code="8">23\p</marc:subfield>
      <marc:subfield code="8">24\p</marc:subfield>
      <marc:subfield code="8">28\p</marc:subfield>
    </marc:datafield>
    <marc:datafield ind2=" " ind1=" " tag="084">
      <marc:subfield code="a">GESCH 432 (59)</marc:subfield>
      <marc:subfield code="2">sfb</marc:subfield>
      <marc:subfield code="8">23\p</marc:subfield>
      <marc:subfield code="8">24\p</marc:subfield>
      <marc:subfield code="8">28\p</marc:subfield>
    </marc:datafield>
    <marc:datafield ind2=" " ind1=" " tag="084">
      <marc:subfield code="a">8.1</marc:subfield>
      <marc:subfield code="q">DE-101</marc:subfield>
      <marc:subfield code="2">sswd</marc:subfield>
      <marc:subfield code="8">25\p</marc:subfield>
      <marc:subfield code="8">29\p</marc:subfield>
    </marc:datafield>
    <marc:datafield ind2=" " ind1=" " tag="084">
      <marc:subfield code="a">H.7.1</marc:subfield>
      <marc:subfield code="9">275</marc:subfield>
      <marc:subfield code="8">3\p</marc:subfield>
    </marc:datafield>
    <marc:datafield ind2=" " ind1=" " tag="084">
      <marc:subfield code="a">H.7.6</marc:subfield>
      <marc:subfield code="9">280</marc:subfield>
      <marc:subfield code="8">3\p</marc:subfield>
    </marc:datafield>
    <marc:datafield ind2=" " ind1="1" tag="100">
      <marc:subfield code="a">Jakob, Volker</marc:subfield>
      <marc:subfield code="0">(DE-609)04003298</marc:subfield>
      <marc:subfield code="8">13\p</marc:subfield>
    </marc:datafield>
    <marc:datafield ind2=" " ind1="1" tag="100">
      <marc:subfield code="a">Jakob, Volker</marc:subfield>
      <marc:subfield code="0">(DE-B1539)00012221</marc:subfield>
      <marc:subfield code="4">aut</marc:subfield>
      <marc:subfield code="8">4\p</marc:subfield>
    </marc:datafield>
    <marc:datafield ind2=" " ind1="1" tag="100">
      <marc:subfield code="a">Jakob, Volker</marc:subfield>
      <marc:subfield code="0">(DE-XXX)05004463</marc:subfield>
      <marc:subfield code="8">8\p</marc:subfield>
    </marc:datafield>
    <marc:datafield ind2=" " ind1="1" tag="100">
      <marc:subfield code="a">Jakob, Volker</marc:subfield>
      <marc:subfield code="4">aut</marc:subfield>
      <marc:subfield code="8">1\p</marc:subfield>
      <marc:subfield code="8">11\p</marc:subfield>
      <marc:subfield code="8">12\p</marc:subfield>
    </marc:datafield>
    <marc:datafield ind2=" " ind1="1" tag="100">
      <marc:subfield code="a">Jakob, Volker</marc:subfield>
      <marc:subfield code="e">Verfasser</marc:subfield>
      <marc:subfield code="4">aut</marc:subfield>
      <marc:subfield code="8">2\p</marc:subfield>
      <marc:subfield code="8">5\p</marc:subfield>
      <marc:subfield code="8">9\p</marc:subfield>
      <marc:subfield code="8">14\p</marc:subfield>
      <marc:subfield code="8">15\p</marc:subfield>
      <marc:subfield code="8">20\p</marc:subfield>
      <marc:subfield code="8">21\p</marc:subfield>
      <marc:subfield code="8">22\p</marc:subfield>
    </marc:datafield>
    <marc:datafield ind2=" " ind1="1" tag="100">
      <marc:subfield code="a">Jakob, Volker</marc:subfield>
      <marc:subfield code="e">Verfasser*in</marc:subfield>
      <marc:subfield code="4">aut</marc:subfield>
      <marc:subfield code="8">3\p</marc:subfield>
    </marc:datafield>
    <marc:datafield ind2=" " ind1="0" tag="130">
      <marc:subfield code="a">Anne Frank war nicht allein</marc:subfield>
      <marc:subfield code="g">niederländ.</marc:subfield>
      <marc:subfield code="8">7\p</marc:subfield>
    </marc:datafield>
    <marc:datafield ind2="7" ind1="1" tag="610">
      <marc:subfield code="a">Niederlande</marc:subfield>
      <marc:subfield code="0">(DE-609)00000445</marc:subfield>
      <marc:subfield code="0">(DE-588)4042203-3</marc:subfield>
      <marc:subfield code="2">gnd</marc:subfield>
      <marc:subfield code="8">13\p</marc:subfield>
    </marc:datafield>
    <marc:datafield ind2="4" ind1=" " tag="648">
      <marc:subfield code="a">Geschichte 1933-1945</marc:subfield>
      <marc:subfield code="8">11\p</marc:subfield>
      <marc:subfield code="8">23\p</marc:subfield>
      <marc:subfield code="8">24\p</marc:subfield>
      <marc:subfield code="8">28\p</marc:subfield>
    </marc:datafield>
    <marc:datafield ind2="7" ind1=" " tag="648">
      <marc:subfield code="a">Geschichte 1933-1945</marc:subfield>
      <marc:subfield code="0">(DE-609)00410185</marc:subfield>
      <marc:subfield code="2">local</marc:subfield>
      <marc:subfield code="8">13\p</marc:subfield>
    </marc:datafield>
    <marc:datafield ind2="7" ind1=" " tag="648">
      <marc:subfield code="a">Geschichte 1933-1945</marc:subfield>
      <marc:subfield code="2">gnd</marc:subfield>
      <marc:subfield code="9">rswk-swf</marc:subfield>
      <marc:subfield code="8">14\p</marc:subfield>
      <marc:subfield code="8">15\p</marc:subfield>
      <marc:subfield code="8">17\p</marc:subfield>
      <marc:subfield code="8">20\p</marc:subfield>
      <marc:subfield code="8">21\p</marc:subfield>
      <marc:subfield code="8">22\p</marc:subfield>
      <marc:subfield code="8">25\p</marc:subfield>
      <marc:subfield code="8">29\p</marc:subfield>
    </marc:datafield>
    <marc:datafield ind2="7" ind1=" " tag="648">
      <marc:subfield code="a">Geschichte 1933-1945</marc:subfield>
      <marc:subfield code="2">gnd</marc:subfield>
      <marc:subfield code="8">10\p</marc:subfield>
    </marc:datafield>
    <marc:datafield ind2="0" ind1=" " tag="650">
      <marc:subfield code="a">Niederlande</marc:subfield>
      <marc:subfield code="8">3\p</marc:subfield>
    </marc:datafield>
    <marc:datafield ind2="4" ind1=" " tag="650">
      <marc:subfield code="a">Holocaust/Judenvernichtung</marc:subfield>
      <marc:subfield code="8">23\p</marc:subfield>
      <marc:subfield code="8">24\p</marc:subfield>
      <marc:subfield code="8">28\p</marc:subfield>
    </marc:datafield>
    <marc:datafield ind2="4" ind1=" " tag="650">
      <marc:subfield code="a">Netherlands</marc:subfield>
      <marc:subfield code="8">23\p</marc:subfield>
      <marc:subfield code="8">24\p</marc:subfield>
      <marc:subfield code="8">28\p</marc:subfield>
    </marc:datafield>
    <marc:datafield ind2="4" ind1=" " tag="650">
      <marc:subfield code="a">Niederlande</marc:subfield>
      <marc:subfield code="8">23\p</marc:subfield>
      <marc:subfield code="8">24\p</marc:subfield>
      <marc:subfield code="8">28\p</marc:subfield>
    </marc:datafield>
    <marc:datafield ind2="4" ind1=" " tag="650">
      <marc:subfield code="a">biography</marc:subfield>
      <marc:subfield code="8">23\p</marc:subfield>
      <marc:subfield code="8">24\p</marc:subfield>
      <marc:subfield code="8">28\p</marc:subfield>
    </marc:datafield>
    <marc:datafield ind2="4" ind1=" " tag="650">
      <marc:subfield code="a">fehlt</marc:subfield>
      <marc:subfield code="8">23\p</marc:subfield>
      <marc:subfield code="8">28\p</marc:subfield>
    </marc:datafield>
    <marc:datafield ind2="4" ind1=" " tag="650">
      <marc:subfield code="a">persecution of Jews/Holocaust</marc:subfield>
      <marc:subfield code="8">23\p</marc:subfield>
      <marc:subfield code="8">24\p</marc:subfield>
      <marc:subfield code="8">28\p</marc:subfield>
    </marc:datafield>
    <marc:datafield ind2="7" ind1=" " tag="650">
      <marc:subfield code="0">(DE-588)4015959-0</marc:subfield>
      <marc:subfield code="0">https://d-nb.info/gnd/4015959-0</marc:subfield>
      <marc:subfield code="0">(DE-101)040159590</marc:subfield>
      <marc:subfield code="a">Exil</marc:subfield>
      <marc:subfield code="9">rswk-swf</marc:subfield>
      <marc:subfield code="2">gnd</marc:subfield>
      <marc:subfield code="8">25\p</marc:subfield>
      <marc:subfield code="8">29\p</marc:subfield>
    </marc:datafield>
    <marc:datafield ind2="7" ind1=" " tag="650">
      <marc:subfield code="0">(DE-588)4028808-0</marc:subfield>
      <marc:subfield code="0">https://d-nb.info/gnd/4028808-0</marc:subfield>
      <marc:subfield code="0">(DE-101)040288080</marc:subfield>
      <marc:subfield code="a">Juden</marc:subfield>
      <marc:subfield code="9">rswk-swf</marc:subfield>
      <marc:subfield code="2">gnd</marc:subfield>
      <marc:subfield code="8">25\p</marc:subfield>
      <marc:subfield code="8">29\p</marc:subfield>
    </marc:datafield>
    <marc:datafield ind2="7" ind1=" " tag="650">
      <marc:subfield code="0">(DE-588)4070334-4</marc:subfield>
      <marc:subfield code="0">https://d-nb.info/gnd/4070334-4</marc:subfield>
      <marc:subfield code="0">(DE-101)040703347</marc:subfield>
      <marc:subfield code="a">Deutsche</marc:subfield>
      <marc:subfield code="9">rswk-swf</marc:subfield>
      <marc:subfield code="2">gnd</marc:subfield>
      <marc:subfield code="8">25\p</marc:subfield>
      <marc:subfield code="8">29\p</marc:subfield>
    </marc:datafield>
    <marc:datafield ind2="7" ind1=" " tag="650">
      <marc:subfield code="a">Exil</marc:subfield>
      <marc:subfield code="0">(DE-588)4015959-0</marc:subfield>
      <marc:subfield code="0">(DE-603)085037370</marc:subfield>
      <marc:subfield code="2">gnd</marc:subfield>
      <marc:subfield code="8">10\p</marc:subfield>
    </marc:datafield>
    <marc:datafield ind2="7" ind1=" " tag="650">
      <marc:subfield code="a">Exil</marc:subfield>
      <marc:subfield code="0">(DE-609)00100305</marc:subfield>
      <marc:subfield code="0">(DE-588)4015959-0</marc:subfield>
      <marc:subfield code="2">gnd</marc:subfield>
      <marc:subfield code="8">13\p</marc:subfield>
    </marc:datafield>
    <marc:datafield ind2="7" ind1=" " tag="650">
      <marc:subfield code="a">Flüchtling</marc:subfield>
      <marc:subfield code="0">(DE-XXX)00006475</marc:subfield>
      <marc:subfield code="0">(DE-588)4017604-6</marc:subfield>
      <marc:subfield code="2">gnd</marc:subfield>
      <marc:subfield code="8">8\p</marc:subfield>
    </marc:datafield>
    <marc:datafield ind2="7" ind1=" " tag="650">
      <marc:subfield code="a">Juden</marc:subfield>
      <marc:subfield code="0">(DE-588)4028808-0</marc:subfield>
      <marc:subfield code="0">(DE-603)085075922</marc:subfield>
      <marc:subfield code="2">gnd</marc:subfield>
      <marc:subfield code="8">10\p</marc:subfield>
    </marc:datafield>
    <marc:datafield ind2="7" ind1=" " tag="650">
      <marc:subfield code="a">Juden</marc:subfield>
      <marc:subfield code="0">(DE-609)00050195</marc:subfield>
      <marc:subfield code="0">(DE-588)4028808-0</marc:subfield>
      <marc:subfield code="2">gnd</marc:subfield>
      <marc:subfield code="8">13\p</marc:subfield>
    </marc:datafield>
    <marc:datafield ind2="7" ind1=" " tag="650">
      <marc:subfield code="a">Nationalsozialismus</marc:subfield>
      <marc:subfield code="0">(DE-XXX)00014010</marc:subfield>
      <marc:subfield code="0">(DE-588)4041316-0</marc:subfield>
      <marc:subfield code="2">gnd</marc:subfield>
      <marc:subfield code="8">8\p</marc:subfield>
    </marc:datafield>
    <marc:datafield ind2="7" ind1=" " tag="650">
      <marc:subfield code="a">Deutsche</marc:subfield>
      <marc:subfield code="0">(DE-588)4070334-4</marc:subfield>
      <marc:subfield code="0">(DE-603)085197807</marc:subfield>
      <marc:subfield code="2">gnd</marc:subfield>
      <marc:subfield code="8">10\p</marc:subfield>
    </marc:datafield>
    <marc:datafield ind2="7" ind1=" " tag="650">
      <marc:subfield code="a">Deutsche</marc:subfield>
      <marc:subfield code="0">(DE-609)00003224</marc:subfield>
      <marc:subfield code="0">(DE-588)4070334-4</marc:subfield>
      <marc:subfield code="2">gnd</marc:subfield>
      <marc:subfield code="8">13\p</marc:subfield>
    </marc:datafield>
    <marc:datafield ind2="7" ind1=" " tag="650">
      <marc:subfield code="a">Judentum</marc:subfield>
      <marc:subfield code="2">fes</marc:subfield>
      <marc:subfield code="8">20\p</marc:subfield>
      <marc:subfield code="8">21\p</marc:subfield>
    </marc:datafield>
    <marc:datafield ind2="7" ind1=" " tag="650">
      <marc:subfield code="a">Judenverfolgung</marc:subfield>
      <marc:subfield code="2">fes</marc:subfield>
      <marc:subfield code="8">20\p</marc:subfield>
      <marc:subfield code="8">21\p</marc:subfield>
    </marc:datafield>
    <marc:datafield ind2="7" ind1="0" tag="650">
      <marc:subfield code="0">(DE-588)4015959-0</marc:subfield>
      <marc:subfield code="0">(DE-627)106334611</marc:subfield>
      <marc:subfield code="0">(DE-576)208914366</marc:subfield>
      <marc:subfield code="a">Exil</marc:subfield>
      <marc:subfield code="2">gnd</marc:subfield>
      <marc:subfield code="8">11\p</marc:subfield>
      <marc:subfield code="8">24\p</marc:subfield>
    </marc:datafield>
    <marc:datafield ind2="7" ind1="0" tag="650">
      <marc:subfield code="0">(DE-588)4028808-0</marc:subfield>
      <marc:subfield code="0">(DE-627)10430670X</marc:subfield>
      <marc:subfield code="0">(DE-576)208979565</marc:subfield>
      <marc:subfield code="a">Juden</marc:subfield>
      <marc:subfield code="2">gnd</marc:subfield>
      <marc:subfield code="8">11\p</marc:subfield>
      <marc:subfield code="8">24\p</marc:subfield>
    </marc:datafield>
    <marc:datafield ind2="7" ind1="0" tag="650">
      <marc:subfield code="0">(DE-588)4070334-4</marc:subfield>
      <marc:subfield code="0">(DE-627)104798858</marc:subfield>
      <marc:subfield code="0">(DE-576)20918020X</marc:subfield>
      <marc:subfield code="a">Deutsche</marc:subfield>
      <marc:subfield code="2">gnd</marc:subfield>
      <marc:subfield code="8">11\p</marc:subfield>
      <marc:subfield code="8">24\p</marc:subfield>
    </marc:datafield>
    <marc:datafield ind2="7" ind1="0" tag="650">
      <marc:subfield code="a">Exil</marc:subfield>
      <marc:subfield code="0">(DE-588)4015959-0</marc:subfield>
      <marc:subfield code="2">gnd</marc:subfield>
      <marc:subfield code="9">rswk-swf</marc:subfield>
      <marc:subfield code="8">14\p</marc:subfield>
      <marc:subfield code="8">15\p</marc:subfield>
      <marc:subfield code="8">17\p</marc:subfield>
      <marc:subfield code="8">20\p</marc:subfield>
      <marc:subfield code="8">21\p</marc:subfield>
      <marc:subfield code="8">22\p</marc:subfield>
    </marc:datafield>
    <marc:datafield ind2="7" ind1="0" tag="650">
      <marc:subfield code="a">Juden</marc:subfield>
      <marc:subfield code="0">(DE-588)4028808-0</marc:subfield>
      <marc:subfield code="2">gnd</marc:subfield>
      <marc:subfield code="9">rswk-swf</marc:subfield>
      <marc:subfield code="8">14\p</marc:subfield>
      <marc:subfield code="8">15\p</marc:subfield>
      <marc:subfield code="8">17\p</marc:subfield>
      <marc:subfield code="8">20\p</marc:subfield>
      <marc:subfield code="8">21\p</marc:subfield>
      <marc:subfield code="8">22\p</marc:subfield>
    </marc:datafield>
    <marc:datafield ind2="7" ind1="0" tag="650">
      <marc:subfield code="a">Judenverfolgung</marc:subfield>
      <marc:subfield code="0">(DE-588)4028814-6</marc:subfield>
      <marc:subfield code="2">gnd</marc:subfield>
      <marc:subfield code="9">rswk-swf</marc:subfield>
      <marc:subfield code="8">14\p</marc:subfield>
      <marc:subfield code="8">15\p</marc:subfield>
      <marc:subfield code="8">17\p</marc:subfield>
      <marc:subfield code="8">20\p</marc:subfield>
      <marc:subfield code="8">21\p</marc:subfield>
      <marc:subfield code="8">22\p</marc:subfield>
    </marc:datafield>
    <marc:datafield ind2="7" ind1="0" tag="650">
      <marc:subfield code="a">Deutsche</marc:subfield>
      <marc:subfield code="0">(DE-588)4070334-4</marc:subfield>
      <marc:subfield code="2">gnd</marc:subfield>
      <marc:subfield code="9">rswk-swf</marc:subfield>
      <marc:subfield code="8">14\p</marc:subfield>
      <marc:subfield code="8">15\p</marc:subfield>
      <marc:subfield code="8">17\p</marc:subfield>
      <marc:subfield code="8">20\p</marc:subfield>
      <marc:subfield code="8">21\p</marc:subfield>
      <marc:subfield code="8">22\p</marc:subfield>
    </marc:datafield>
    <marc:datafield ind2="7" ind1=" " tag="651">
      <marc:subfield code="0">(DE-588)4042203-3</marc:subfield>
      <marc:subfield code="0">https://d-nb.info/gnd/4042203-3</marc:subfield>
      <marc:subfield code="0">(DE-101)040422038</marc:subfield>
      <marc:subfield code="a">Niederlande</marc:subfield>
      <marc:subfield code="9">rswk-swf</marc:subfield>
      <marc:subfield code="2">gnd</marc:subfield>
      <marc:subfield code="8">25\p</marc:subfield>
      <marc:subfield code="8">29\p</marc:subfield>
    </marc:datafield>
    <marc:datafield ind2="7" ind1=" " tag="651">
      <marc:subfield code="0">(DE-588)4042203-3</marc:subfield>
      <marc:subfield code="0">(DE-627)104400765</marc:subfield>
      <marc:subfield code="0">(DE-576)209049030</marc:subfield>
      <marc:subfield code="a">Niederlande</marc:subfield>
      <marc:subfield code="2">gnd</marc:subfield>
      <marc:subfield code="8">11\p</marc:subfield>
      <marc:subfield code="8">24\p</marc:subfield>
    </marc:datafield>
    <marc:datafield ind2="7" ind1=" " tag="651">
      <marc:subfield code="a">Juden</marc:subfield>
      <marc:subfield code="0">(DE-XXX)00027724</marc:subfield>
      <marc:subfield code="0">(DE-588)4028808-0</marc:subfield>
      <marc:subfield code="2">gnd</marc:subfield>
      <marc:subfield code="8">8\p</marc:subfield>
    </marc:datafield>
    <marc:datafield ind2="7" ind1=" " tag="651">
      <marc:subfield code="a">Niederlande</marc:subfield>
      <marc:subfield code="0">(DE-588)4042203-3</marc:subfield>
      <marc:subfield code="0">(DE-603)085116521</marc:subfield>
      <marc:subfield code="2">gnd</marc:subfield>
      <marc:subfield code="8">10\p</marc:subfield>
    </marc:datafield>
    <marc:datafield ind2="7" ind1=" " tag="651">
      <marc:subfield code="a">Niederlande</marc:subfield>
      <marc:subfield code="0">(DE-B1539)00000687</marc:subfield>
      <marc:subfield code="0">(DE-588)4042203-3</marc:subfield>
      <marc:subfield code="2">gnd</marc:subfield>
      <marc:subfield code="8">4\p</marc:subfield>
    </marc:datafield>
    <marc:datafield ind2="7" ind1=" " tag="651">
      <marc:subfield code="a">Niederlande</marc:subfield>
      <marc:subfield code="0">(DE-XXX)00014208</marc:subfield>
      <marc:subfield code="0">(DE-588)4042203-3</marc:subfield>
      <marc:subfield code="2">gnd</marc:subfield>
      <marc:subfield code="8">8\p</marc:subfield>
    </marc:datafield>
    <marc:datafield ind2="7" ind1=" " tag="651">
      <marc:subfield code="a">Niederlande</marc:subfield>
      <marc:subfield code="0">(DE-588)4042203-3</marc:subfield>
      <marc:subfield code="2">gnd</marc:subfield>
      <marc:subfield code="9">rswk-swf</marc:subfield>
      <marc:subfield code="8">14\p</marc:subfield>
      <marc:subfield code="8">15\p</marc:subfield>
      <marc:subfield code="8">17\p</marc:subfield>
      <marc:subfield code="8">20\p</marc:subfield>
      <marc:subfield code="8">21\p</marc:subfield>
      <marc:subfield code="8">22\p</marc:subfield>
    </marc:datafield>
    <marc:datafield ind2="7" ind1=" " tag="651">
      <marc:subfield code="a">Niederlande</marc:subfield>
      <marc:subfield code="2">fes</marc:subfield>
      <marc:subfield code="8">20\p</marc:subfield>
      <marc:subfield code="8">21\p</marc:subfield>
    </marc:datafield>
    <marc:datafield ind2=" " ind1=" " tag="653">
      <marc:subfield code="a">(AFSB-G)Niederlande</marc:subfield>
      <marc:subfield code="8">5\p</marc:subfield>
      <marc:subfield code="8">25\p</marc:subfield>
    </marc:datafield>
    <marc:datafield ind2="7" ind1=" " tag="655">
      <marc:subfield code="0">(DE-588)4133254-4</marc:subfield>
      <marc:subfield code="0">https://d-nb.info/gnd/4133254-4</marc:subfield>
      <marc:subfield code="0">(DE-101)041332547</marc:subfield>
      <marc:subfield code="a">Erlebnisbericht</marc:subfield>
      <marc:subfield code="2">gnd-content</marc:subfield>
      <marc:subfield code="8">25\p</marc:subfield>
      <marc:subfield code="8">29\p</marc:subfield>
    </marc:datafield>
    <marc:datafield ind2="7" ind1=" " tag="655">
      <marc:subfield code="0">(DE-588)1071854844</marc:subfield>
      <marc:subfield code="0">https://d-nb.info/gnd/1071854844</marc:subfield>
      <marc:subfield code="0">(DE-101)1071854844</marc:subfield>
      <marc:subfield code="a">Fiktionale Darstellung</marc:subfield>
      <marc:subfield code="2">gnd-content</marc:subfield>
      <marc:subfield code="8">5\p</marc:subfield>
    </marc:datafield>
    <marc:datafield ind2="7" ind1=" " tag="655">
      <marc:subfield code="a">Biografie</marc:subfield>
      <marc:subfield code="0">(DE-588)4006804-3</marc:subfield>
      <marc:subfield code="0">(DE-627)104213493</marc:subfield>
      <marc:subfield code="0">(DE-576)208867147</marc:subfield>
      <marc:subfield code="2">gnd-content</marc:subfield>
      <marc:subfield code="8">22\p</marc:subfield>
      <marc:subfield code="8">23\p</marc:subfield>
      <marc:subfield code="8">24\p</marc:subfield>
      <marc:subfield code="8">28\p</marc:subfield>
    </marc:datafield>
    <marc:datafield ind2="7" ind1=" " tag="655">
      <marc:subfield code="a">Erlebnisbericht</marc:subfield>
      <marc:subfield code="0">(DE-588)4133254-4</marc:subfield>
      <marc:subfield code="0">(DE-627)105681490</marc:subfield>
      <marc:subfield code="0">(DE-576)209642378</marc:subfield>
      <marc:subfield code="2">gnd-content</marc:subfield>
      <marc:subfield code="8">11\p</marc:subfield>
      <marc:subfield code="8">22\p</marc:subfield>
      <marc:subfield code="8">23\p</marc:subfield>
      <marc:subfield code="8">24\p</marc:subfield>
      <marc:subfield code="8">28\p</marc:subfield>
    </marc:datafield>
    <marc:datafield ind2="7" ind1=" " tag="655">
      <marc:subfield code="0">(DE-588)4006804-3</marc:subfield>
      <marc:subfield code="a">Biografie</marc:subfield>
      <marc:subfield code="2">gnd-content</marc:subfield>
      <marc:subfield code="8">22\p</marc:subfield>
    </marc:datafield>
    <marc:datafield ind2="7" ind1=" " tag="655">
      <marc:subfield code="a">Erlebnisbericht</marc:subfield>
      <marc:subfield code="0">(DE-588)4133254-4</marc:subfield>
      <marc:subfield code="2">gnd-content</marc:subfield>
      <marc:subfield code="8">6\p</marc:subfield>
      <marc:subfield code="8">7\p</marc:subfield>
      <marc:subfield code="8">9\p</marc:subfield>
      <marc:subfield code="8">14\p</marc:subfield>
      <marc:subfield code="8">15\p</marc:subfield>
      <marc:subfield code="8">17\p</marc:subfield>
      <marc:subfield code="8">20\p</marc:subfield>
      <marc:subfield code="8">21\p</marc:subfield>
      <marc:subfield code="8">22\p</marc:subfield>
    </marc:datafield>
    <marc:datafield ind2="7" ind1=" " tag="655">
      <marc:subfield code="a">Erlebnisbericht</marc:subfield>
      <marc:subfield code="0">(DE-609)00002634</marc:subfield>
      <marc:subfield code="2">local</marc:subfield>
      <marc:subfield code="8">13\p</marc:subfield>
      <marc:subfield code="8">22\p</marc:subfield>
      <marc:subfield code="8">28\p</marc:subfield>
    </marc:datafield>
    <marc:datafield ind2="7" ind1=" " tag="655">
      <marc:subfield code="a">Biographischer Beitrag</marc:subfield>
      <marc:subfield code="0">(DE-XXX)00002722</marc:subfield>
      <marc:subfield code="2">local</marc:subfield>
      <marc:subfield code="8">8\p</marc:subfield>
      <marc:subfield code="8">22\p</marc:subfield>
      <marc:subfield code="8">28\p</marc:subfield>
    </marc:datafield>
    <marc:datafield ind2="7" ind1=" " tag="655">
      <marc:subfield code="a">Erlebnisbericht</marc:subfield>
      <marc:subfield code="9">rswk-swf</marc:subfield>
      <marc:subfield code="2">gnd</marc:subfield>
      <marc:subfield code="8">25\p</marc:subfield>
      <marc:subfield code="8">29\p</marc:subfield>
    </marc:datafield>
    <marc:datafield ind2="7" ind1=" " tag="655">
      <marc:subfield code="a">Erlebnisbericht</marc:subfield>
      <marc:subfield code="2">gnd</marc:subfield>
      <marc:subfield code="8">10\p</marc:subfield>
    </marc:datafield>
    <marc:datafield ind2="7" ind1=" " tag="655">
      <marc:subfield code="a">Erlebnisbericht</marc:subfield>
      <marc:subfield code="8">13\p</marc:subfield>
      <marc:subfield code="8">22\p</marc:subfield>
      <marc:subfield code="8">28\p</marc:subfield>
    </marc:datafield>
    <marc:datafield ind2=" " ind1="0" tag="689">
      <marc:subfield code="5">(DE-627)</marc:subfield>
      <marc:subfield code="8">24\p</marc:subfield>
    </marc:datafield>
    <marc:datafield ind2=" " ind1="0" tag="689">
      <marc:subfield code="5">AT-OBV</marc:subfield>
      <marc:subfield code="5">UBI</marc:subfield>
      <marc:subfield code="8">12\p</marc:subfield>
    </marc:datafield>
    <marc:datafield ind2=" " ind1="0" tag="689">
      <marc:subfield code="5">DE-101</marc:subfield>
      <marc:subfield code="8">23\p</marc:subfield>
      <marc:subfield code="8">28\p</marc:subfield>
    </marc:datafield>
    <marc:datafield ind2=" " ind1="0" tag="689">
      <marc:subfield code="5">DE-101</marc:subfield>
      <marc:subfield code="5">DE-101</marc:subfield>
      <marc:subfield code="8">25\p</marc:subfield>
      <marc:subfield code="8">29\p</marc:subfield>
    </marc:datafield>
    <marc:datafield ind2=" " ind1="0" tag="689">
      <marc:subfield code="5">DE-604</marc:subfield>
      <marc:subfield code="8">14\p</marc:subfield>
      <marc:subfield code="8">15\p</marc:subfield>
      <marc:subfield code="8">18\p</marc:subfield>
      <marc:subfield code="8">17\p</marc:subfield>
      <marc:subfield code="8">20\p</marc:subfield>
      <marc:subfield code="8">21\p</marc:subfield>
      <marc:subfield code="8">22\p</marc:subfield>
    </marc:datafield>
    <marc:datafield ind2="0" ind1="0" tag="689">
      <marc:subfield code="0">(DE-588)4042203-3</marc:subfield>
      <marc:subfield code="0">https://d-nb.info/gnd/4042203-3</marc:subfield>
      <marc:subfield code="0">(DE-101)040422038</marc:subfield>
      <marc:subfield code="D">g</marc:subfield>
      <marc:subfield code="a">Niederlande</marc:subfield>
      <marc:subfield code="8">25\p</marc:subfield>
      <marc:subfield code="8">29\p</marc:subfield>
    </marc:datafield>
    <marc:datafield ind2="0" ind1="0" tag="689">
      <marc:subfield code="D">g</marc:subfield>
      <marc:subfield code="0">(DE-588)4042203-3</marc:subfield>
      <marc:subfield code="0">(DE-627)104400765</marc:subfield>
      <marc:subfield code="0">(DE-576)209049030</marc:subfield>
      <marc:subfield code="a">Niederlande</marc:subfield>
      <marc:subfield code="2">gnd</marc:subfield>
      <marc:subfield code="8">23\p</marc:subfield>
      <marc:subfield code="8">24\p</marc:subfield>
      <marc:subfield code="8">28\p</marc:subfield>
    </marc:datafield>
    <marc:datafield ind2="0" ind1="0" tag="689">
      <marc:subfield code="a">Niederlande</marc:subfield>
      <marc:subfield code="D">g</marc:subfield>
      <marc:subfield code="0">(DE-588)4042203-3</marc:subfield>
      <marc:subfield code="8">6\p</marc:subfield>
      <marc:subfield code="8">7\p</marc:subfield>
      <marc:subfield code="8">9\p</marc:subfield>
      <marc:subfield code="8">12\p</marc:subfield>
      <marc:subfield code="8">13\p</marc:subfield>
      <marc:subfield code="8">14\p</marc:subfield>
      <marc:subfield code="8">15\p</marc:subfield>
      <marc:subfield code="8">17\p</marc:subfield>
      <marc:subfield code="8">20\p</marc:subfield>
      <marc:subfield code="8">21\p</marc:subfield>
      <marc:subfield code="8">22\p</marc:subfield>
    </marc:datafield>
    <marc:datafield ind2="1" ind1="0" tag="689">
      <marc:subfield code="0">(DE-588)4015959-0</marc:subfield>
      <marc:subfield code="0">https://d-nb.info/gnd/4015959-0</marc:subfield>
      <marc:subfield code="0">(DE-101)040159590</marc:subfield>
      <marc:subfield code="D">s</marc:subfield>
      <marc:subfield code="a">Exil</marc:subfield>
      <marc:subfield code="8">25\p</marc:subfield>
      <marc:subfield code="8">29\p</marc:subfield>
    </marc:datafield>
    <marc:datafield ind2="1" ind1="0" tag="689">
      <marc:subfield code="D">s</marc:subfield>
      <marc:subfield code="0">(DE-588)4006020-2</marc:subfield>
      <marc:subfield code="0">(DE-627)104162597</marc:subfield>
      <marc:subfield code="0">(DE-576)208864016</marc:subfield>
      <marc:subfield code="a">Besetzung</marc:subfield>
      <marc:subfield code="2">gnd</marc:subfield>
      <marc:subfield code="8">24\p</marc:subfield>
    </marc:datafield>
    <marc:datafield ind2="1" ind1="0" tag="689">
      <marc:subfield code="D">s</marc:subfield>
      <marc:subfield code="0">(DE-588)4015959-0</marc:subfield>
      <marc:subfield code="0">(DE-627)106334611</marc:subfield>
      <marc:subfield code="0">(DE-576)208914366</marc:subfield>
      <marc:subfield code="a">Exil</marc:subfield>
      <marc:subfield code="2">gnd</marc:subfield>
      <marc:subfield code="8">23\p</marc:subfield>
      <marc:subfield code="8">28\p</marc:subfield>
    </marc:datafield>
    <marc:datafield ind2="1" ind1="0" tag="689">
      <marc:subfield code="a">Exil</marc:subfield>
      <marc:subfield code="D">s</marc:subfield>
      <marc:subfield code="0">(DE-588)4015959-0</marc:subfield>
      <marc:subfield code="8">6\p</marc:subfield>
      <marc:subfield code="8">7\p</marc:subfield>
      <marc:subfield code="8">9\p</marc:subfield>
      <marc:subfield code="8">13\p</marc:subfield>
      <marc:subfield code="8">14\p</marc:subfield>
      <marc:subfield code="8">15\p</marc:subfield>
      <marc:subfield code="8">17\p</marc:subfield>
      <marc:subfield code="8">20\p</marc:subfield>
      <marc:subfield code="8">21\p</marc:subfield>
      <marc:subfield code="8">22\p</marc:subfield>
    </marc:datafield>
    <marc:datafield ind2="1" ind1="0" tag="689">
      <marc:subfield code="a">Juden</marc:subfield>
      <marc:subfield code="D">s</marc:subfield>
      <marc:subfield code="0">(DE-588)4028808-0</marc:subfield>
      <marc:subfield code="8">12\p</marc:subfield>
    </marc:datafield>
    <marc:datafield ind2="2" ind1="0" tag="689">
      <marc:subfield code="0">(DE-588)4070334-4</marc:subfield>
      <marc:subfield code="0">https://d-nb.info/gnd/4070334-4</marc:subfield>
      <marc:subfield code="0">(DE-101)040703347</marc:subfield>
      <marc:subfield code="D">s</marc:subfield>
      <marc:subfield code="a">Deutsche</marc:subfield>
      <marc:subfield code="8">25\p</marc:subfield>
      <marc:subfield code="8">29\p</marc:subfield>
    </marc:datafield>
    <marc:datafield ind2="2" ind1="0" tag="689">
      <marc:subfield code="D">s</marc:subfield>
      <marc:subfield code="0">(DE-588)4028814-6</marc:subfield>
      <marc:subfield code="0">(DE-627)104427108</marc:subfield>
      <marc:subfield code="0">(DE-576)208979603</marc:subfield>
      <marc:subfield code="a">Judenverfolgung</marc:subfield>
      <marc:subfield code="2">gnd</marc:subfield>
      <marc:subfield code="8">24\p</marc:subfield>
    </marc:datafield>
    <marc:datafield ind2="2" ind1="0" tag="689">
      <marc:subfield code="D">s</marc:subfield>
      <marc:subfield code="0">(DE-588)4070334-4</marc:subfield>
      <marc:subfield code="0">(DE-627)104798858</marc:subfield>
      <marc:subfield code="0">(DE-576)20918020X</marc:subfield>
      <marc:subfield code="a">Deutsche</marc:subfield>
      <marc:subfield code="2">gnd</marc:subfield>
      <marc:subfield code="8">23\p</marc:subfield>
      <marc:subfield code="8">28\p</marc:subfield>
    </marc:datafield>
    <marc:datafield ind2="2" ind1="0" tag="689">
      <marc:subfield code="a">Juden</marc:subfield>
      <marc:subfield code="D">s</marc:subfield>
      <marc:subfield code="0">(DE-588)4028808-0</marc:subfield>
      <marc:subfield code="8">9\p</marc:subfield>
      <marc:subfield code="8">14\p</marc:subfield>
      <marc:subfield code="8">20\p</marc:subfield>
      <marc:subfield code="8">21\p</marc:subfield>
      <marc:subfield code="8">22\p</marc:subfield>
    </marc:datafield>
    <marc:datafield ind2="2" ind1="0" tag="689">
      <marc:subfield code="a">Deutsche</marc:subfield>
      <marc:subfield code="D">s</marc:subfield>
      <marc:subfield code="0">(DE-588)4070334-4</marc:subfield>
      <marc:subfield code="8">6\p</marc:subfield>
      <marc:subfield code="8">7\p</marc:subfield>
      <marc:subfield code="8">13\p</marc:subfield>
      <marc:subfield code="8">15\p</marc:subfield>
      <marc:subfield code="8">17\p</marc:subfield>
    </marc:datafield>
    <marc:datafield ind2="2" ind1="0" tag="689">
      <marc:subfield code="a">Geschichte 1933-1945</marc:subfield>
      <marc:subfield code="A">z</marc:subfield>
      <marc:subfield code="8">12\p</marc:subfield>
    </marc:datafield>
    <marc:datafield ind2="3" ind1="0" tag="689">
      <marc:subfield code="0">(DE-588)4028808-0</marc:subfield>
      <marc:subfield code="0">https://d-nb.info/gnd/4028808-0</marc:subfield>
      <marc:subfield code="0">(DE-101)040288080</marc:subfield>
      <marc:subfield code="D">s</marc:subfield>
      <marc:subfield code="a">Juden</marc:subfield>
      <marc:subfield code="8">25\p</marc:subfield>
      <marc:subfield code="8">29\p</marc:subfield>
    </marc:datafield>
    <marc:datafield ind2="3" ind1="0" tag="689">
      <marc:subfield code="D">s</marc:subfield>
      <marc:subfield code="0">(DE-588)4028808-0</marc:subfield>
      <marc:subfield code="0">(DE-627)10430670X</marc:subfield>
      <marc:subfield code="0">(DE-576)208979565</marc:subfield>
      <marc:subfield code="a">Juden</marc:subfield>
      <marc:subfield code="2">gnd</marc:subfield>
      <marc:subfield code="8">23\p</marc:subfield>
      <marc:subfield code="8">28\p</marc:subfield>
    </marc:datafield>
    <marc:datafield ind2="3" ind1="0" tag="689">
      <marc:subfield code="a">Juden</marc:subfield>
      <marc:subfield code="D">s</marc:subfield>
      <marc:subfield code="0">(DE-588)4028808-0</marc:subfield>
      <marc:subfield code="8">6\p</marc:subfield>
      <marc:subfield code="8">7\p</marc:subfield>
      <marc:subfield code="8">13\p</marc:subfield>
      <marc:subfield code="8">15\p</marc:subfield>
      <marc:subfield code="8">17\p</marc:subfield>
    </marc:datafield>
    <marc:datafield ind2="3" ind1="0" tag="689">
      <marc:subfield code="a">Deutsche</marc:subfield>
      <marc:subfield code="D">s</marc:subfield>
      <marc:subfield code="0">(DE-588)4070334-4</marc:subfield>
      <marc:subfield code="8">9\p</marc:subfield>
      <marc:subfield code="8">14\p</marc:subfield>
      <marc:subfield code="8">20\p</marc:subfield>
      <marc:subfield code="8">21\p</marc:subfield>
      <marc:subfield code="8">22\p</marc:subfield>
    </marc:datafield>
    <marc:datafield ind2="3" ind1="0" tag="689">
      <marc:subfield code="A">z</marc:subfield>
      <marc:subfield code="2">gnd</marc:subfield>
      <marc:subfield code="a">Geschichte 1940-1944</marc:subfield>
      <marc:subfield code="8">24\p</marc:subfield>
    </marc:datafield>
    <marc:datafield ind2="4" ind1="0" tag="689">
      <marc:subfield code="A">z</marc:subfield>
      <marc:subfield code="2">gnd</marc:subfield>
      <marc:subfield code="a">Geschichte 1933-1945</marc:subfield>
      <marc:subfield code="8">23\p</marc:subfield>
      <marc:subfield code="8">28\p</marc:subfield>
    </marc:datafield>
    <marc:datafield ind2="4" ind1="0" tag="689">
      <marc:subfield code="A">s</marc:subfield>
      <marc:subfield code="a">Geschichte 1933-1945</marc:subfield>
      <marc:subfield code="8">13\p</marc:subfield>
    </marc:datafield>
    <marc:datafield ind2="4" ind1="0" tag="689">
      <marc:subfield code="a">Geschichte 1933-1945</marc:subfield>
      <marc:subfield code="A">z</marc:subfield>
      <marc:subfield code="8">6\p</marc:subfield>
      <marc:subfield code="8">7\p</marc:subfield>
      <marc:subfield code="8">9\p</marc:subfield>
      <marc:subfield code="8">14\p</marc:subfield>
      <marc:subfield code="8">15\p</marc:subfield>
      <marc:subfield code="8">17\p</marc:subfield>
      <marc:subfield code="8">20\p</marc:subfield>
      <marc:subfield code="8">21\p</marc:subfield>
      <marc:subfield code="8">22\p</marc:subfield>
      <marc:subfield code="8">25\p</marc:subfield>
      <marc:subfield code="8">29\p</marc:subfield>
    </marc:datafield>
    <marc:datafield ind2="5" ind1="0" tag="689">
      <marc:subfield code="A">s</marc:subfield>
      <marc:subfield code="a">Erlebnisbericht</marc:subfield>
      <marc:subfield code="5">DE-101</marc:subfield>
      <marc:subfield code="8">13\p</marc:subfield>
    </marc:datafield>
    <marc:datafield ind2="5" ind1="0" tag="689">
      <marc:subfield code="A">f</marc:subfield>
      <marc:subfield code="a">Erlebnisbericht</marc:subfield>
      <marc:subfield code="8">25\p</marc:subfield>
      <marc:subfield code="8">29\p</marc:subfield>
    </marc:datafield>
    <marc:datafield ind2=" " ind1="1" tag="689">
      <marc:subfield code="5">(DE-627)</marc:subfield>
      <marc:subfield code="8">23\p</marc:subfield>
      <marc:subfield code="8">28\p</marc:subfield>
    </marc:datafield>
    <marc:datafield ind2=" " ind1="1" tag="689">
      <marc:subfield code="5">AT-OBV</marc:subfield>
      <marc:subfield code="5">UBI</marc:subfield>
      <marc:subfield code="8">12\p</marc:subfield>
    </marc:datafield>
    <marc:datafield ind2=" " ind1="1" tag="689">
      <marc:subfield code="5">DE-604</marc:subfield>
      <marc:subfield code="8">14\p</marc:subfield>
      <marc:subfield code="8">16\p</marc:subfield>
      <marc:subfield code="8">15\p</marc:subfield>
      <marc:subfield code="8">19\p</marc:subfield>
      <marc:subfield code="8">17\p</marc:subfield>
      <marc:subfield code="8">20\p</marc:subfield>
      <marc:subfield code="8">21\p</marc:subfield>
      <marc:subfield code="8">22\p</marc:subfield>
    </marc:datafield>
    <marc:datafield ind2="0" ind1="1" tag="689">
      <marc:subfield code="D">s</marc:subfield>
      <marc:subfield code="0">(DE-588)4006020-2</marc:subfield>
      <marc:subfield code="0">(DE-627)104162597</marc:subfield>
      <marc:subfield code="0">(DE-576)208864016</marc:subfield>
      <marc:subfield code="a">Besetzung</marc:subfield>
      <marc:subfield code="2">gnd</marc:subfield>
      <marc:subfield code="8">23\p</marc:subfield>
      <marc:subfield code="8">28\p</marc:subfield>
    </marc:datafield>
    <marc:datafield ind2="0" ind1="1" tag="689">
      <marc:subfield code="a">Niederlande</marc:subfield>
      <marc:subfield code="D">g</marc:subfield>
      <marc:subfield code="0">(DE-588)4042203-3</marc:subfield>
      <marc:subfield code="8">9\p</marc:subfield>
      <marc:subfield code="8">12\p</marc:subfield>
      <marc:subfield code="8">14\p</marc:subfield>
      <marc:subfield code="8">15\p</marc:subfield>
      <marc:subfield code="8">17\p</marc:subfield>
      <marc:subfield code="8">20\p</marc:subfield>
      <marc:subfield code="8">21\p</marc:subfield>
      <marc:subfield code="8">22\p</marc:subfield>
    </marc:datafield>
    <marc:datafield ind2="1" ind1="1" tag="689">
      <marc:subfield code="D">s</marc:subfield>
      <marc:subfield code="0">(DE-588)4028814-6</marc:subfield>
      <marc:subfield code="0">(DE-627)104427108</marc:subfield>
      <marc:subfield code="0">(DE-576)208979603</marc:subfield>
      <marc:subfield code="a">Judenverfolgung</marc:subfield>
      <marc:subfield code="2">gnd</marc:subfield>
      <marc:subfield code="8">23\p</marc:subfield>
      <marc:subfield code="8">28\p</marc:subfield>
    </marc:datafield>
    <marc:datafield ind2="1" ind1="1" tag="689">
      <marc:subfield code="a">Judenverfolgung</marc:subfield>
      <marc:subfield code="D">s</marc:subfield>
      <marc:subfield code="0">(DE-588)4028814-6</marc:subfield>
      <marc:subfield code="8">9\p</marc:subfield>
      <marc:subfield code="8">12\p</marc:subfield>
      <marc:subfield code="8">14\p</marc:subfield>
      <marc:subfield code="8">15\p</marc:subfield>
      <marc:subfield code="8">17\p</marc:subfield>
      <marc:subfield code="8">20\p</marc:subfield>
      <marc:subfield code="8">21\p</marc:subfield>
      <marc:subfield code="8">22\p</marc:subfield>
    </marc:datafield>
    <marc:datafield ind2="2" ind1="1" tag="689">
      <marc:subfield code="A">z</marc:subfield>
      <marc:subfield code="2">gnd</marc:subfield>
      <marc:subfield code="a">Geschichte 1940-1944</marc:subfield>
      <marc:subfield code="8">23\p</marc:subfield>
      <marc:subfield code="8">28\p</marc:subfield>
    </marc:datafield>
    <marc:datafield ind2="2" ind1="1" tag="689">
      <marc:subfield code="a">Geschichte 1933-1945</marc:subfield>
      <marc:subfield code="A">z</marc:subfield>
      <marc:subfield code="8">12\p</marc:subfield>
    </marc:datafield>
    <marc:datafield ind2=" " ind1="2" tag="689">
      <marc:subfield code="5">AT-OBV</marc:subfield>
      <marc:subfield code="5">UBI</marc:subfield>
      <marc:subfield code="8">12\p</marc:subfield>
    </marc:datafield>
    <marc:datafield ind2="0" ind1="2" tag="689">
      <marc:subfield code="a">Niederlande</marc:subfield>
      <marc:subfield code="D">g</marc:subfield>
      <marc:subfield code="0">(DE-588)4042203-3</marc:subfield>
      <marc:subfield code="8">12\p</marc:subfield>
    </marc:datafield>
    <marc:datafield ind2="1" ind1="2" tag="689">
      <marc:subfield code="a">Antisemitismus</marc:subfield>
      <marc:subfield code="D">s</marc:subfield>
      <marc:subfield code="0">(DE-588)4002333-3</marc:subfield>
      <marc:subfield code="8">12\p</marc:subfield>
    </marc:datafield>
    <marc:datafield ind2="2" ind1="2" tag="689">
      <marc:subfield code="a">Geschichte 1933-1945</marc:subfield>
      <marc:subfield code="A">z</marc:subfield>
      <marc:subfield code="8">12\p</marc:subfield>
    </marc:datafield>
    <marc:datafield ind2=" " ind1="1" tag="700">
      <marc:subfield code="a">Frank, Anne</marc:subfield>
      <marc:subfield code="d">1929-1945</marc:subfield>
      <marc:subfield code="0">(DE-588)118534734</marc:subfield>
      <marc:subfield code="0">(DE-627)079334962</marc:subfield>
      <marc:subfield code="0">(DE-576)160991358</marc:subfield>
      <marc:subfield code="4">oth</marc:subfield>
      <marc:subfield code="8">24\p</marc:subfield>
    </marc:datafield>
    <marc:datafield ind2=" " ind1="1" tag="700">
      <marc:subfield code="a">Voort, Annet van der</marc:subfield>
      <marc:subfield code="d">1950-</marc:subfield>
      <marc:subfield code="0">(DE-588)123961742</marc:subfield>
      <marc:subfield code="0">(DE-627)085550329</marc:subfield>
      <marc:subfield code="0">(DE-576)215107667</marc:subfield>
      <marc:subfield code="4">oth</marc:subfield>
      <marc:subfield code="8">24\p</marc:subfield>
    </marc:datafield>
    <marc:datafield ind2=" " ind1="1" tag="700">
      <marc:subfield code="0">(DE-588)123961742</marc:subfield>
      <marc:subfield code="0">(DE-609)00088971</marc:subfield>
      <marc:subfield code="a">Voort, Annet van der</marc:subfield>
      <marc:subfield code="4">aut</marc:subfield>
      <marc:subfield code="8">13\p</marc:subfield>
    </marc:datafield>
    <marc:datafield ind2=" " ind1="1" tag="700">
      <marc:subfield code="a">Voort, Annet &lt;&lt;van der&gt;&gt;</marc:subfield>
      <marc:subfield code="d">1950-</marc:subfield>
      <marc:subfield code="0">(DE-588)123961742</marc:subfield>
      <marc:subfield code="4">aut</marc:subfield>
      <marc:subfield code="e">Verfasser</marc:subfield>
      <marc:subfield code="8">9\p</marc:subfield>
    </marc:datafield>
    <marc:datafield ind2=" " ind1="1" tag="700">
      <marc:subfield code="a">Voort, Annet van der</marc:subfield>
      <marc:subfield code="d">1950-</marc:subfield>
      <marc:subfield code="e">Verfasser</marc:subfield>
      <marc:subfield code="0">(DE-588)123961742</marc:subfield>
      <marc:subfield code="4">aut</marc:subfield>
      <marc:subfield code="8">14\p</marc:subfield>
      <marc:subfield code="8">15\p</marc:subfield>
    </marc:datafield>
    <marc:datafield ind2=" " ind1="1" tag="700">
      <marc:subfield code="a">Jakob, Volker</marc:subfield>
      <marc:subfield code="e">Hrsg.</marc:subfield>
      <marc:subfield code="4">edt</marc:subfield>
      <marc:subfield code="0">(DE-603)145133761</marc:subfield>
      <marc:subfield code="8">10\p</marc:subfield>
    </marc:datafield>
    <marc:datafield ind2=" " ind1="1" tag="700">
      <marc:subfield code="0">(DE-B1539)00012222</marc:subfield>
      <marc:subfield code="a">Voort, Annet van der</marc:subfield>
      <marc:subfield code="4">aut</marc:subfield>
      <marc:subfield code="8">4\p</marc:subfield>
    </marc:datafield>
    <marc:datafield ind2=" " ind1="1" tag="700">
      <marc:subfield code="0">(DE-XXX)05004464</marc:subfield>
      <marc:subfield code="a">Voort, Annet van der</marc:subfield>
      <marc:subfield code="4">aut</marc:subfield>
      <marc:subfield code="8">8\p</marc:subfield>
    </marc:datafield>
    <marc:datafield ind2=" " ind1="1" tag="700">
      <marc:subfield code="a">Voort, Annet &lt;&lt;van der&gt;&gt;</marc:subfield>
      <marc:subfield code="4">aut</marc:subfield>
      <marc:subfield code="8">12\p</marc:subfield>
    </marc:datafield>
    <marc:datafield ind2=" " ind1="1" tag="700">
      <marc:subfield code="a">Voort, Annet van der</marc:subfield>
      <marc:subfield code="4">aut</marc:subfield>
      <marc:subfield code="8">11\p</marc:subfield>
    </marc:datafield>
    <marc:datafield ind2=" " ind1="1" tag="700">
      <marc:subfield code="a">Voort, Annet van der</marc:subfield>
      <marc:subfield code="e">Verfasser</marc:subfield>
      <marc:subfield code="4">aut</marc:subfield>
      <marc:subfield code="8">22\p</marc:subfield>
    </marc:datafield>
    <marc:datafield ind2=" " ind1="1" tag="700">
      <marc:subfield code="a">Voort, Annet van der</marc:subfield>
      <marc:subfield code="e">Verfasser*in</marc:subfield>
      <marc:subfield code="4">aut</marc:subfield>
      <marc:subfield code="8">3\p</marc:subfield>
    </marc:datafield>
    <marc:datafield ind2=" " ind1="1" tag="700">
      <marc:subfield code="a">Voort,Annet van der</marc:subfield>
      <marc:subfield code="e">Verfasser</marc:subfield>
      <marc:subfield code="4">aut</marc:subfield>
      <marc:subfield code="8">5\p</marc:subfield>
    </marc:datafield>
    <marc:datafield ind2=" " ind1="1" tag="700">
      <marc:subfield code="a">van der Voort, Annet</marc:subfield>
      <marc:subfield code="4">aut</marc:subfield>
      <marc:subfield code="8">1\p</marc:subfield>
    </marc:datafield>
    <marc:datafield ind2=" " ind1="1" tag="700">
      <marc:subfield code="a">Jakob, Volker</marc:subfield>
      <marc:subfield code="4">edt</marc:subfield>
      <marc:subfield code="e">Herausgeber</marc:subfield>
      <marc:subfield code="8">6\p</marc:subfield>
      <marc:subfield code="8">7\p</marc:subfield>
      <marc:subfield code="8">27\p</marc:subfield>
      <marc:subfield code="8">25\p</marc:subfield>
      <marc:subfield code="8">30\p</marc:subfield>
      <marc:subfield code="8">29\p</marc:subfield>
    </marc:datafield>
    <marc:datafield ind2=" " ind1="1" tag="700">
      <marc:subfield code="a">Jakob, Volker</marc:subfield>
      <marc:subfield code="e">Hrsg.</marc:subfield>
      <marc:subfield code="4">edt</marc:subfield>
      <marc:subfield code="8">23\p</marc:subfield>
      <marc:subfield code="8">28\p</marc:subfield>
    </marc:datafield>
    <marc:datafield ind2=" " ind1="1" tag="700">
      <marc:subfield code="a">Van der Voort, Annet</marc:subfield>
      <marc:subfield code="e">Hrsg.</marc:subfield>
      <marc:subfield code="4">edt</marc:subfield>
      <marc:subfield code="8">2\p</marc:subfield>
    </marc:datafield>
    <marc:datafield ind2=" " ind1="1" tag="700">
      <marc:subfield code="a">Jakob, Volker</marc:subfield>
      <marc:subfield code="4">oth</marc:subfield>
      <marc:subfield code="8">24\p</marc:subfield>
    </marc:datafield>
    <marc:datafield ind2=" " ind1="1" tag="700">
      <marc:subfield code="a">Jakob, Volker</marc:subfield>
      <marc:subfield code="e">Sonstige</marc:subfield>
      <marc:subfield code="4">oth</marc:subfield>
      <marc:subfield code="8">17\p</marc:subfield>
    </marc:datafield>
    <marc:datafield ind2=" " ind1="1" tag="700">
      <marc:subfield code="a">Voort, Annet van der</marc:subfield>
      <marc:subfield code="4">oth</marc:subfield>
      <marc:subfield code="8">23\p</marc:subfield>
      <marc:subfield code="8">28\p</marc:subfield>
    </marc:datafield>
    <marc:datafield ind2=" " ind1="1" tag="700">
      <marc:subfield code="a">Brouwer, Carlien</marc:subfield>
      <marc:subfield code="e">Übersetzer</marc:subfield>
      <marc:subfield code="4">trl</marc:subfield>
      <marc:subfield code="8">5\p</marc:subfield>
      <marc:subfield code="8">31\p</marc:subfield>
      <marc:subfield code="8">29\p</marc:subfield>
    </marc:datafield>
    <marc:datafield ind2=" " ind1="1" tag="700">
      <marc:subfield code="a">Böttner, Annegret</marc:subfield>
      <marc:subfield code="e">Übersetzer</marc:subfield>
      <marc:subfield code="4">trl</marc:subfield>
      <marc:subfield code="8">5\p</marc:subfield>
    </marc:datafield>
    <marc:datafield ind2="2" ind1="0" tag="730">
      <marc:subfield code="a">Anne Frank war nicht allein</marc:subfield>
      <marc:subfield code="g">niederländ.</marc:subfield>
      <marc:subfield code="8">29\p</marc:subfield>
    </marc:datafield>
    <marc:datafield ind2=" " ind1="1" tag="883">
      <marc:subfield code="8">16\p</marc:subfield>
      <marc:subfield code="a">cgwrk</marc:subfield>
      <marc:subfield code="d">20201028</marc:subfield>
      <marc:subfield code="q">DE-101</marc:subfield>
      <marc:subfield code="u">https://d-nb.info/provenance/plan#cgwrk</marc:subfield>
      <marc:subfield code="8">18\p</marc:subfield>
      <marc:subfield code="8">19\p</marc:subfield>
    </marc:datafield>
    <marc:datafield ind2=" " ind1="2" tag="883">
      <marc:subfield code="8">27\p</marc:subfield>
      <marc:subfield code="a">dnb</marc:subfield>
      <marc:subfield code="d">20200613</marc:subfield>
      <marc:subfield code="q">DE-101</marc:subfield>
      <marc:subfield code="u">https://d-nb.info/provenance/plan#dnb</marc:subfield>
      <marc:subfield code="8">30\p</marc:subfield>
      <marc:subfield code="8">31\p</marc:subfield>
    </marc:datafield>
    <marc:datafield ind2=" " ind1="2" tag="883">
      <marc:subfield code="8">26\p</marc:subfield>
      <marc:subfield code="a">ka003lc</marc:subfield>
      <marc:subfield code="d">20191012</marc:subfield>
      <marc:subfield code="q">DE-101</marc:subfield>
      <marc:subfield code="u">https://d-nb.info/provenance/plan#ka003lc</marc:subfield>
    </marc:datafield>
  </marc:record>
</marc:collection>
